@article{jiang2019context,
  title={Context-Aware Mouse Behavior Recognition Using Hidden Markov Models},
  author={Jiang, Zhenhua },
  journal={IEEE Transactions on Image Processing},
  volume={28},
  number={3},
  pages={1133--1148},
  year={2019},
  doi={10.1109/TIP.2018.2875335}
}

@article{asolares2020,
title = {Deep learning for electronic health records: A comparative review of multiple deep neural architectures},
journal = {Journal of Biomedical Informatics},
volume = {101},
pages = {103337},
year = {2020},
issn = {1532-0464},
doi = {https://doi.org/10.1016/j.jbi.2019.103337},
author = {Jose Roberto {Ayala Solares} and Francesca Elisa {Diletta Raimondi} and Yajie Zhu and Fatemeh Rahimian and Dexter Canoy and Jenny Tran and Ana Catarina {Pinho Gomes} and Amir H. Payberah and Mariagrazia Zottoli and Milad Nazarzadeh and Nathalie Conrad and Kazem Rahimi and Gholamreza Salimi-Khorshidi}
}

 @article{lorenzoni_2019, 
 title={Comparison of machine learning techniques for prediction of hospitalization in heart failure patients}, 
 volume={8}, 
 DOI={10.3390/jcm8091298}, 
 number={9}, 
 journal={Journal of Clinical Medicine},
 author={Lorenzoni, Giulia and Sabato, Stefano Santo and Lanera, Corrado and Bottigliengo, Daniele and Minto, Clara and Ocagli, Honoria and De Paolis, Paola and Gregori, Dario and Iliceto, Sabino and Pisanò, Franco and et al.}, 
 year={2019}, 
 pages={1298}
 } 
 
 @article{riley_2018, 
 title={Minimum sample size for developing a multivariable prediction model: Part II - binary and time-to-event outcomes}, 
 volume={38}, 
 DOI={10.1002/sim.7992}, 
 number={7}, 
 journal={Statistics in Medicine}, 
 author={Riley, Richard D and Snell, Kym IE and Ensor, Joie and Burke, Danielle L and Harrell Jr, Frank E and Moons, Karel GM and Collins, Gary S}, year={2018}, 
 pages={1276–1296}
 }
 
 @article{nguyen_tran_wickramasinghe_venkatesh_2017, 
 title={Deepr: A convolutional net for medical records}, 
 volume={21}, 
 DOI={10.1109/jbhi.2016.2633963}, 
 number={1}, 
 journal={IEEE Journal of Biomedical and Health Informatics},
 author={Nguyen, Phuoc and Tran, Truyen and Wickramasinghe, Nilmini and Venkatesh, Svetha}, 
 year={2017}, 
 pages={22–30}
 } 
 
 @article{ghahramani_2001, 
 title={An introduction to Hidden Markov models and Bayesian Networks}, 
 DOI={10.1142/9789812797605_0002}, 
 journal={Series in Machine Perception and Artificial Intelligence}, 
 author={Ghahramani, Zoubin}, 
 year={2001}, 
 pages={9–41}
 	} 
 	
 @book{dymarski_2011, 
 place={Rijeka, Croatia}, 
 title={Hidden markov models: Theory and applications}, 
 publisher={InTech}, 
 author={Dymarski, Przemyslaw}, 
 year={2011}
 } 
 
  @article{rabiner_1990, 
  title={A tutorial on Hidden Markov models and selected applications in speech recognition}, 
  DOI={10.1016/b978-0-08-051584-7.50027-9}, 
  journal={Readings in Speech Recognition}, 
  author={RABINER, LAWRENCE R.}, 
  year={1990}, 
  pages={267–296}
  }
  
@incollection{kawamoto2013hidden,
  title={Hidden Markov model for analyzing time-series health checkup data},
  author={Kawamoto, Ryouhei and Nazir, Alwis and Kameyama, Atsuyuki and Ichinomiya, Takashi and Yamamoto, Keiko and Tamura, Satoshi and Yamamoto, Mayumi and Hayamizu, Satoru and Kinosada, Yasutomi},
  booktitle={MEDINFO 2013},
  pages={491--495},
  year={2013},
  publisher={IOS Press}
}

@article{dugad1996tutorial,
  title={A tutorial on hidden Markov models},
  author={Dugad, Rakesh and Desai, UDAY B},
  journal={Signal Processing and Artifical Neural Networks Laboratory, Dept of Electrical Engineering, Indian Institute of Technology, Bombay Technical Report No.: SPANN-96.1},
  year={1996}
}

@misc{keselj2009speech,
  title={Speech and Language Processing},
  author={Daniel Jurafsky and James H. Martin},
  year={2000},
  pages = {167-173},
  publisher={MIT Press One Rogers Street, Cambridge, MA 02142-1209, USA journals-info~…}
} 
 
 
 
 
 
 
 
 
 
 
 
 
 
 
 
 
 