

@article{mimic_iv, title={Mimic-IV, a freely accessible electronic health record dataset}, volume={10}, DOI={10.1038/s41597-022-01899-x}, number={1}, journal={Scientific Data}, author={Johnson, Alistair E. and Bulgarelli, Lucas and Shen, Lu and Gayles, Alvin and Shammout, Ayad and Horng, Steven and Pollard, Tom J. and Hao, Sicheng and Moody, Benjamin and Gow, Brian and et al.}, year={2023}} 

@InProceedings{shap,
title = {A Unified Approach to Interpreting Model Predictions},
author = {Lundberg, Scott M and Su-In Lee},
journal = {Advances in Neural Information Processing Systems},
year = {2017},
volume = {30}
}

@InProceedings{mcdropout,
  title = 	 {Dropout as a Bayesian Approximation: Representing Model Uncertainty in Deep Learning},
  author = 	 {Gal, Yarin and Ghahramani, Zoubin},
  booktitle = 	 {Proceedings of The 33rd International Conference on Machine Learning},
  pages = 	 {1050--1059},
  year = 	 {2016},
  editor = 	 {Balcan, Maria Florina and Weinberger, Kilian Q.},
  volume = 	 {48},
  series = 	 {Proceedings of Machine Learning Research},
  address = 	 {New York, New York, USA},
  month = 	 {20--22 Jun},
  publisher =    {PMLR},
  pdf = 	 {http://proceedings.mlr.press/v48/gal16.pdf},
  url = 	 {https://proceedings.mlr.press/v48/gal16.html}
}



@article{Gensheimer_Narasimhan_2019, title={A scalable discrete-time survival model for Neural Networks}, volume={7}, DOI={10.7717/peerj.6257}, journal={PeerJ}, author={Gensheimer, Michael F. and Narasimhan, Balasubramanian}, year={2019}} 

@misc{nagpal_deep_2021,
	title = {Deep Survival Machines: Fully Parametric Survival Regression and Representation Learning for Censored Data with Competing Risks},
	shorttitle = {Deep {Survival} {Machines}},
	url = {http://arxiv.org/abs/2003.01176},
	urldate = {2023-06-25},
	publisher = {arXiv},
	author = {Nagpal, Chirag and Li, Xinyu Rachel and Dubrawski, Artur},
	month = jun,
	year = {2021},
	note = {arXiv:2003.01176 [cs, stat]},
	keywords = {Computer Science - Machine Learning, Statistics - Machine Learning, Statistics - Applications},
	annote = {Comment: Also appeared in NeurIPS 2019 Workshop on Machine Learning for Healthcare (ML4H)},
}

@misc{kvamme_continuous_2019,
	title = {Continuous and Discrete-Time Survival Prediction with Neural Networks},
	url = {http://arxiv.org/abs/1910.06724},
	urldate = {2023-07-01},
	publisher = {arXiv},
	author = {Kvamme, H{\aa}vard and Borgan, {\O}rnulf},
	year = {2019},
	note = {arXiv:1910.06724 [cs, stat]},
	keywords = {Computer Science - Machine Learning, Statistics - Machine Learning, Statistics - Methodology}
}



@inbook{Moore_2016, place={New York}, title={Chapter 2 Basic Principles of Survival Analysis}, booktitle={Applied Survival Analysis Using R}, publisher={Springer}, author={Moore, Dirk F.}, year={2016}} 

@article{Savarese_Lund_2017, title={Global Public Health Burden of heart failure}, volume={03}, DOI={10.15420/cfr.2016:25:2}, number={01}, journal={Cardiac Failure Review}, author={Savarese, Gianluigi and Lund, Lars H}, year={2017}, pages={7}} 


@article{jiang2019context,
  title={Context-Aware Mouse Behavior Recognition Using Hidden Markov Models},
  author={Jiang, Zhenhua },
  journal={IEEE Transactions on Image Processing},
  volume={28},
  number={3},
  pages={1133--1148},
  year={2019},
  doi={10.1109/TIP.2018.2875335}
}

@article{asolares2020,
title = {Deep learning for electronic health records: A comparative review of multiple deep neural architectures},
journal = {Journal of Biomedical Informatics},
volume = {101},
pages = {103337},
year = {2020},
issn = {1532-0464},
doi = {https://doi.org/10.1016/j.jbi.2019.103337},
author = {Jose Roberto {Ayala Solares} and Francesca Elisa {Diletta Raimondi} and Yajie Zhu and Fatemeh Rahimian and Dexter Canoy and Jenny Tran and Ana Catarina {Pinho Gomes} and Amir H. Payberah and Mariagrazia Zottoli and Milad Nazarzadeh and Nathalie Conrad and Kazem Rahimi and Gholamreza Salimi-Khorshidi}
}

 @article{lorenzoni_2019, 
 title={Comparison of machine learning techniques for prediction of hospitalization in heart failure patients}, 
 volume={8}, 
 DOI={10.3390/jcm8091298}, 
 number={9}, 
 journal={Journal of Clinical Medicine},
 author={Lorenzoni, Giulia and Sabato, Stefano Santo and Lanera, Corrado and Bottigliengo, Daniele and Minto, Clara and Ocagli, Honoria and De Paolis, Paola and Gregori, Dario and Iliceto, Sabino and Pisanò, Franco and et al.}, 
 year={2019}, 
 pages={1298}
 } 
 
 @article{riley_2018, 
 title={Minimum sample size for developing a multivariable prediction model: Part II - binary and time-to-event outcomes}, 
 volume={38}, 
 DOI={10.1002/sim.7992}, 
 number={7}, 
 journal={Statistics in Medicine}, 
 author={Riley, Richard D and Snell, Kym IE and Ensor, Joie and Burke, Danielle L and Harrell Jr, Frank E and Moons, Karel GM and Collins, Gary S}, year={2018}, 
 pages={1276–1296}
 }
 
 @article{nguyen_tran_wickramasinghe_venkatesh_2017, 
 title={Deepr: A convolutional net for medical records}, 
 volume={21}, 
 DOI={10.1109/jbhi.2016.2633963}, 
 number={1}, 
 journal={IEEE Journal of Biomedical and Health Informatics},
 author={Nguyen, Phuoc and Tran, Truyen and Wickramasinghe, Nilmini and Venkatesh, Svetha}, 
 year={2017}, 
 pages={22–30}
 } 
 
 @article{ghahramani_2001, 
 title={An introduction to Hidden Markov models and Bayesian Networks}, 
 DOI={10.1142/9789812797605_0002}, 
 journal={Series in Machine Perception and Artificial Intelligence}, 
 author={Ghahramani, Zoubin}, 
 year={2001}, 
 pages={9–41}
 	} 
 	
 @book{dymarski_2011, 
 place={Rijeka, Croatia}, 
 title={Hidden markov models: Theory and applications}, 
 publisher={InTech}, 
 author={Dymarski, Przemyslaw}, 
 year={2011}
 } 
 
  @article{rabiner_1990, 
  title={A tutorial on Hidden Markov models and selected applications in speech recognition}, 
  DOI={10.1016/b978-0-08-051584-7.50027-9}, 
  journal={Readings in Speech Recognition}, 
  author={RABINER, LAWRENCE R.}, 
  year={1990}, 
  pages={267–296}
  }
  
@incollection{kawamoto2013hidden,
  title={Hidden Markov model for analyzing time-series health checkup data},
  author={Kawamoto, Ryouhei and Nazir, Alwis and Kameyama, Atsuyuki and Ichinomiya, Takashi and Yamamoto, Keiko and Tamura, Satoshi and Yamamoto, Mayumi and Hayamizu, Satoru and Kinosada, Yasutomi},
  booktitle={MEDINFO 2013},
  pages={491--495},
  year={2013},
  publisher={IOS Press}
}

@article{dugad1996tutorial,
  title={A tutorial on hidden Markov models},
  author={Dugad, Rakesh and Desai, UDAY B},
  journal={Signal Processing and Artifical Neural Networks Laboratory, Dept of Electrical Engineering, Indian Institute of Technology, Bombay Technical Report No.: SPANN-96.1},
  year={1996}
}

@misc{keselj2009speech,
  title={Speech and Language Processing},
  author={Daniel Jurafsky and James H. Martin},
  year={2000},
  pages = {167-173},
  publisher={MIT Press One Rogers Street, Cambridge, MA 02142-1209, USA journals-info~…}
} 

@article{che2017,
  title={Exploiting convolutional neural network for risk prediction with medical feature embedding},
  author={Che, Zhengping and Cheng, Yu and Sun, Zhaonan and Liu, Yan},
  journal={arXiv preprint arXiv:1701.07474},
  year={2017}
}
 
@inproceedings{suo2017personalized,
  title={Personalized disease prediction using a CNN-based similarity learning method},
  author={Suo, Qiuling and Ma, Fenglong and Yuan, Ye and Huai, Mengdi and Zhong, Weida and Zhang, Aidong and Gao, Jing},
  booktitle={2017 IEEE International Conference on Bioinformatics and Biomedicine (BIBM)},
  pages={811--816},
  year={2017},
  organization={IEEE}
}
 
 @inproceedings{brand2018real,
  title={Real Time Mortality Risk Prediction: A Convolutional Neural Network Approach.},
  author={Brand, Landon and Patel, Aditya and Singh, Izzatbir and Brand, Clayton},
  booktitle={HEALTHINF},
  pages={463--470},
  year={2018}
}
 
 @article{caicedo2019iseeu,
  title={ISeeU: Visually interpretable deep learning for mortality prediction inside the ICU},
  author={Caicedo-Torres, William and Gutierrez, Jairo},
  journal={Journal of biomedical informatics},
  volume={98},
  pages={103269},
  year={2019},
  publisher={Elsevier}
}
 
@article{e2edlgjoreski,
  author       = {Martin Gjoreski and
                  Anton Gradisek and
                  Borut Budna and
                  Matjaz Gams and
                  Gregor Poglajen},
  title        = {Machine Learning and End-to-End Deep Learning for the Detection of
                  Chronic Heart Failure From Heart Sounds},
  journal      = {{IEEE} Access},
  volume       = {8},
  pages        = {20313--20324},
  year         = {2020},
  url          = {https://doi.org/10.1109/ACCESS.2020.2968900},
  doi          = {10.1109/ACCESS.2020.2968900},
  timestamp    = {Tue, 03 Mar 2020 09:38:06 +0100},
  biburl       = {https://dblp.org/rec/journals/access/GjoreskiGBGP20.bib},
  bibsource    = {dblp computer science bibliography, https://dblp.org}
}
 
 @article{nirschl2018deep,
  title={A deep-learning classifier identifies patients with clinical heart failure using whole-slide images of H\&E tissue},
  author={Nirschl, Jeffrey J and Janowczyk, Andrew and Peyster, Eliot G and Frank, Renee and Margulies, Kenneth B and Feldman, Michael D and Madabhushi, Anant},
  journal={PloS one},
  volume={13},
  number={4},
  pages={e0192726},
  year={2018},
  publisher={Public Library of Science San Francisco, CA USA}
}
 
 @article{10.1001/jamanetworkopen.2019.6972,
    author = {Wang, Liqin and Sha, Long and Lakin, Joshua R. and Bynum, Julie and Bates, David W. and Hong, Pengyu and Zhou, Li},
    title = "{Development and Validation of a Deep Learning Algorithm for Mortality Prediction in Selecting Patients With Dementia for Earlier Palliative Care Interventions}",
    journal = {JAMA Network Open},
    volume = {2},
    number = {7},
    pages = {e196972-e196972},
    year = {2019},
    month = {07},
    doi = {10.1001/jamanetworkopen.2019.6972},
    url = {https://doi.org/10.1001/jamanetworkopen.2019.6972},
}
 
@misc{NHS,
  title = {{Electronic Frailty Index (EFI)}},
  howpublished = {\url{https://www.england.nhs.uk/ourwork/clinical-policy/older-people/frailty/efi/}},
  note = {Accessed on April 24, 2023},
  year = {2023}
}
 
 @article{peters2020familial,
  title={Familial dilated cardiomyopathy},
  author={Peters, Stacey and Johnson, Renee and Birch, Samuel and Zentner, Dominica and Hershberger, Ray E and Fatkin, Diane},
  journal={Heart, Lung and Circulation},
  volume={29},
  number={4},
  pages={566--574},
  year={2020},
  publisher={Elsevier}
}

@article{lin1994cox,
  title={Cox regression analysis of multivariate failure time data: the marginal approach},
  author={Lin, DY},
  journal={Statistics in medicine},
  volume={13},
  number={21},
  pages={2233--2247},
  year={1994},
  publisher={Wiley Online Library}
}
 
 @article{bobicknonlinear,
  title={Nonlinear Parametric Hidden Markov Models},
  author={Bobick, Andrew D Wilson Aaron F},
  year = {ND}
}

@article{PCA,
author = {Abdi, Hervé and Williams, Lynne J.},
title = {Principal component analysis},
journal = {WIREs Computational Statistics},
volume = {2},
number = {4},
pages = {433-459},
keywords = {singular and eigen value decomposition, bilinear decomposition, factor scores and loadings, RESS PRESS, multiple factor analysis},
doi = {https://doi.org/10.1002/wics.101},
url = {https://wires.onlinelibrary.wiley.com/doi/abs/10.1002/wics.101},
eprint = {https://wires.onlinelibrary.wiley.com/doi/pdf/10.1002/wics.101},
year = {2010}
}

@article{xanthopoulos2013linear,
  title={Linear discriminant analysis},
  author={Xanthopoulos, Petros and Pardalos, Panos M and Trafalis, Theodore B and Xanthopoulos, Petros and Pardalos, Panos M and Trafalis, Theodore B},
  journal={Robust data mining},
  pages={27--33},
  year={2013},
  publisher={Springer}
}

@article{kumar1994proportional,
  title={Proportional hazards model: a review},
  author={Kumar, Dhananjay and Klefsj{\"o}, Bengt},
  journal={Reliability Engineering \& System Safety},
  volume={44},
  number={2},
  pages={177--188},
  year={1994},
  publisher={Elsevier}
}

@article{bland1998survival,
  title={Survival probabilities (the Kaplan-Meier method)},
  author={Bland, J Martin and Altman, Douglas G},
  journal={Bmj},
  volume={317},
  number={7172},
  pages={1572--1580},
  year={1998},
  publisher={British Medical Journal Publishing Group}
}

@article {Lie044779,
	author = {Fuhai Li and Hui Xin and Jidong Zhang and Mingqiang Fu and Jingmin Zhou and Zhexun Lian},
	title = {Prediction model of in-hospital mortality in intensive care unit patients with heart failure: machine learning-based, retrospective analysis of the MIMIC-III database},
	volume = {11},
	number = {7},
	elocation-id = {e044779},
	year = {2021},
	doi = {10.1136/bmjopen-2020-044779},
	publisher = {British Medical Journal Publishing Group},
	issn = {2044-6055},
	URL = {https://bmjopen.bmj.com/content/11/7/e044779},
	eprint = {https://bmjopen.bmj.com/content/11/7/e044779.full.pdf},
	journal = {BMJ Open}
}

@INPROCEEDINGS{Bashar8856496,
  author={Bashar, Syed Khairul and Ding, Eric and Albuquerque, Daniella and Winter, Michael and Binici, Sophia and Walkey, Allan J. and McManus, David D. and Chon, Ki H.},
  booktitle={2019 41st Annual International Conference of the IEEE Engineering in Medicine and Biology Society (EMBC)}, 
  title={Atrial Fibrillation Detection in ICU Patients: A Pilot Study on MIMIC III Data}, 
  year={2019},
  volume={},
  number={},
  pages={298-301},
  doi={10.1109/EMBC.2019.8856496}}
  
@ARTICLE{AFHFRisk,
author = {Bordignon S, Chiara Corti M, Bilato C},
title = {Atrial Fibrillation Associated with Heart Failure, Stroke and Mortality},
year = {2012},
doi = {10.4022/jafib.467}
}
 
 
 